@manual{RCoreTeam2023,
  title        = {R Internals Manual},
  author       = {{R Core Team}},
  year         = {2023},
  organization = {R Foundation for Statistical Computing},
  address      = {Vienna, Austria},
}

@misc{PositSupport2024,
  author       = {{Posit Support}},
  year         = {2024},
  title        = {Understanding Memory Usage in the RStudio IDE},
  url          = {https://support.posit.co/hc/en-us/articles/1500005616261},
  note         = {Accessed October 2025}
}

@misc{StackOverflow2019,
  author       = {{Stack Overflow Community}},
  year         = {2019},
  title        = {Why does gc() not free memory?},
  url          = {https://stackoverflow.com/questions/14580233/why-does-gc-not-free-memory},
  note         = {Accessed October 2025}
}

@online{OBrien2022,
  author       = {Oâ€™Brien, Allen},
  year         = {2022},
  title        = {Data Stowaway: Copy-on-Modify in R and Its Implications},
  url          = {https://allenobrien.com/post/data-stowaway},
  note         = {Accessed October 2025}
}

@article{MacCounPerlmutter2017,
  author       = {MacCoun, Robert J. and Perlmutter, Saul},
  title        = {Blind analysis: Hide results to seek the truth},
  journal      = {Nature Human Behaviour},
  year         = {2017},
  volume       = {1},
  number       = {4},
  pages        = {1--3},
  doi          = {10.1038/s41562-016-0021}
}